@misc{NCh1632013,
  author       = {Instituto Nacional de Normalización (INN)},
  title        = {NCh163:2013 - Áridos para morteros y hormigones - Requisitos},
  year         = {2013},
  howpublished = {Disponible en \url{https://www.u-cursos.cl/ingenieria/2020/2/CI5503/1/material_docente/bajar?id=3332212}},
  note         = {Primera edición, 22 de julio de 2013},
  publisher    = {Instituto Nacional de Normalización},
  address      = {Santiago, Chile},
  copyright    = {© INN 2013},
  license      = {Licencia 1 usuario. Copia y uso en red prohibidos.}
}

@misc{ACI301_2020,
  author       = {American Concrete Institute (ACI)},
  title        = {ACI SPEC-301-20: Specifications for Concrete Construction},
  year         = {2020},
  url          = {https://www.concrete.org/store/productdetail.aspx?ItemID=301U20&Language=English&Units=US_Units},
  note         = {Última edición publicada en septiembre de 2020},
  publisher    = {American Concrete Institute},
  address      = {Farmington Hills, MI, USA},
  isbn         = {978-1-64195-107-4},
  language     = {English},
  units        = {Inch-Pound (US Units)}
}

@misc{ACI211_2022,
  author       = {American Concrete Institute (ACI)},
  title        = {ACI PRC-211.1-22: Selecting Proportions for Normal-Density and High Density-Concrete - Guide},
  year         = {2022},
  url          = {https://www.concrete.org/store/productdetail.aspx?ItemID=211122&Language=English&Units=US_Units},
  note         = {Última edición publicada en 2022},
  publisher    = {American Concrete Institute},
  address      = {Farmington Hills, MI, USA},
  isbn         = {978-1-64195-107-4},
  language     = {English},
  units        = {Inch-Pound (US Units)}
}

@misc{ACI318_2025,
  author       = {American Concrete Institute (ACI)},
  title        = {ACI CODE-318-25: Building Code for Structural Concrete—Code Requirements and Commentary},
  year         = {2025},
  url          = {https://www.concrete.org/store/productdetail.aspx?ItemID=318U25&Language=English&Units=US_Units},
  note         = {Última edición publicada en 2025},
  publisher    = {American Concrete Institute},
  address      = {Farmington Hills, MI, USA},
  isbn         = {978-1-64195-107-4},
  language     = {English},
  units        = {Inch-Pound (US Units)},
  pages        = {702},
  keywords     = {structural concrete, building code, design requirements, seismic design, sustainability, reinforcement}
}
